@misc{spotify-million-song-dataset,
   author = {vishnupriyavr},
   year={2023},
   title = {spotify-million-song-dataset},
   howpublished = {\url{https://huggingface.co/datasets/vishnupriyavr/spotify-million-song-dataset}}
}