@misc{webteam@eso.org, 
    title={MIcrosoft News Dataset, MIND}, 
    howpublished = {\url{https://msnews.github.io/ }}, 
    author={Msnews (2021) MIND},
    year={2021}
} 

@misc{Recommendersteam, 
    title={Recommenders}, 
    howpublished = {\url{https://github.com/recommenders-team/recommenders }}, 
    author={Team Recommenders},
    year={2024}
} 
